<?xml version="1.0" encoding="UTF-8"?>
<collection xmlns:xsi="http://www.w3.org/2001/XMLSchema-instance" xsi:schemaLocation="http://www.loc.gov/MARC21/slim http://www.loc.gov/standards/marcxml/schema/MARC21slim.xsd" xmlns="http://www.loc.gov/MARC21/slim">
<record>
  <leader>01095nam a2200265 a 4500</leader>
  <controlfield tag="001">3067502</controlfield>
  <controlfield tag="003">NNC</controlfield>
  <controlfield tag="005">20030429142358.0</controlfield>
  <controlfield tag="008">940617m19579999iq            001 0carar </controlfield>
  <datafield tag="010" ind1=" " ind2=" ">
    <subfield code="a">   59044115 </subfield>
  </datafield>
  <datafield tag="035" ind1=" " ind2=" ">
    <subfield code="a">(OCoLC)ocm30620133</subfield>
  </datafield>
  <datafield tag="035" ind1=" " ind2=" ">
    <subfield code="9">ATN9908CU</subfield>
  </datafield>
  <datafield tag="040" ind1=" " ind2=" ">
    <subfield code="a">DLC</subfield>
    <subfield code="c">AUM</subfield>
    <subfield code="d">AUM</subfield>
    <subfield code="d">ZCU</subfield>
  </datafield>
  <datafield tag="043" ind1=" " ind2=" ">
    <subfield code="a">a-iq---</subfield>
  </datafield>
  <datafield tag="050" ind1="1" ind2=" ">
    <subfield code="a">DS70.88.A2</subfield>
    <subfield code="b">A95</subfield>
  </datafield>
  <datafield tag="099" ind1=" " ind2=" ">
    <subfield code="a">893.61</subfield>
    <subfield code="a">Az9</subfield>
  </datafield>
  <datafield tag="100" ind1="1" ind2=" ">
    <subfield code="a">ʻAzzāwī, ʻAbbās.</subfield>
  </datafield>
  <datafield tag="245" ind1="1" ind2="3">
    <subfield code="a">al-Taʻrīf bi-al-muʾarrikhīn :</subfield>
    <subfield code="b">yatadamman ashar al-muʾarrikhīn wa-tawārīkhihim al-maʻrufah wa-ātharuhā wa-qīmatuhā al-ʻilmīyah, mʻa fahāris ʻadīdah /</subfield>
    <subfield code="c">bi-qalam ʻAbbās al-ʻAzzāwī.</subfield>
  </datafield>
  <datafield tag="260" ind1=" " ind2=" ">
    <subfield code="a">Baghdād :</subfield>
    <subfield code="b">Sharikat al-Tijārah wa-al-Ṭibāʻah,</subfield>
    <subfield code="c">1957-</subfield>
  </datafield>
  <datafield tag="300" ind1=" " ind2=" ">
    <subfield code="a">v. ;</subfield>
    <subfield code="c">26 cm.</subfield>
  </datafield>
  <datafield tag="500" ind1=" " ind2=" ">
    <subfield code="a">Romanized record.</subfield>
  </datafield>
  <datafield tag="500" ind1=" " ind2=" ">
    <subfield code="a">Added t.p.: Historians of Iraq, biographical notes; biographies of famous historians, with an appreciation of their works and complete indices, by Abbas al-Azzawi.</subfield>
  </datafield>
  <datafield tag="505" ind1="1" ind2=" ">
    <subfield code="a">1. Fī ʻahd al-Maghūl wa-al-Turkumān 601-941 h./1204-1534 m.</subfield>
  </datafield>
  <datafield tag="650" ind1=" " ind2="0">
    <subfield code="a">Historians</subfield>
    <subfield code="z">Iraq.</subfield>
  </datafield>
  <datafield tag="955" ind1=" " ind2=" ">
    <subfield code="b">0315332969</subfield>
    <subfield code="d">glx</subfield>
    <subfield code="e">893.61 Az9</subfield>
  </datafield>
</record>
</collection>